@article{gpt4,
  title={Gpt-4 technical report},
  author={Achiam, Josh and Adler, Steven and Agarwal, Sandhini and Ahmad, Lama and Akkaya, Ilge and Aleman, Florencia Leoni and Almeida, Diogo and Altenschmidt, Janko and Altman, Sam and Anadkat, Shyamal and others},
  journal={arXiv preprint arXiv:2303.08774},
  year={2023}
}
@article{llmeval1,
  title={LLMs for Coding and Robotics Education},
  author={Shu, Peng and Zhao, Huaqin and Jiang, Hanqi and Li, Yiwei and Xu, Shaochen and Pan, Yi and Wu, Zihao and Liu, Zhengliang and Lu, Guoyu and Guan, Le and others},
  journal={arXiv preprint arXiv:2402.06116},
  year={2024}
}
@article{motcoder,
  title={MoTCoder: Elevating Large Language Models with Modular of Thought for Challenging Programming Tasks},
  author={Li, Jingyao and Chen, Pengguang and Jia, Jiaya},
  journal={arXiv preprint arXiv:2312.15960},
  year={2023}
}
@article{alphacode,
  author = {Yujia Li  and David Choi  and Junyoung Chung  and Nate Kushman  and Julian Schrittwieser  and R{\'e}mi Leblond  and Tom Eccles  and James Keeling  and Felix Gimeno  and Agustin Dal Lago  and Thomas Hubert  and Peter Choy  and Cyprien de Masson dâ€™Autume  and Igor Babuschkin  and Xinyun Chen  and Po-Sen Huang  and Johannes Welbl  and Sven Gowal  and Alexey Cherepanov  and James Molloy  and Daniel J. Mankowitz  and Esme Sutherland Robson  and Pushmeet Kohli  and Nando de Freitas  and Koray Kavukcuoglu  and Oriol Vinyals },
  title = {Competition-level code generation with AlphaCode},
  journal = {Science},
  volume = {378},
  number = {6624},
  pages = {1092-1097},
  year = {2022},
  doi = {10.1126/science.abq1158},
  URL = {https://www.science.org/doi/abs/10.1126/science.abq1158},
  eprint = {https://www.science.org/doi/pdf/10.1126/science.abq1158}
  }
  @article{mqa,
  title={Fast transformer decoding: One write-head is all you need},
  author={Shazeer, Noam},
  journal={arXiv preprint arXiv:1911.02150},
  year={2019}
}
@article{wizardcoder,
  title={Wizardcoder: Empowering code large language models with evol-instruct},
  author={Luo, Ziyang and Xu, Can and Zhao, Pu and Sun, Qingfeng and Geng, Xiubo and Hu, Wenxiang and Tao, Chongyang and Ma, Jing and Lin, Qingwei and Jiang, Daxin},
  journal={arXiv preprint arXiv:2306.08568},
  year={2023}
}
@misc{paperswithcode, 
title={Papers with code - apps benchmark (code generation)}, url={https://paperswithcode.com/sota/code-generation-on-apps}, journal={The latest in Machine Learning}, author={paperswithcode.com}}
} 
@article{wizardlm,
  title={Wizardlm: Empowering large language models to follow complex instructions},
  author={Xu, Can and Sun, Qingfeng and Zheng, Kai and Geng, Xiubo and Zhao, Pu and Feng, Jiazhan and Tao, Chongyang and Jiang, Daxin},
  journal={arXiv preprint arXiv:2304.12244},
  year={2023}
}
@article{starcoder,
  title={Starcoder: may the source be with you!},
  author={Li, Raymond and Allal, Loubna Ben and Zi, Yangtian and Muennighoff, Niklas and Kocetkov, Denis and Mou, Chenghao and Marone, Marc and Akiki, Christopher and Li, Jia and Chim, Jenny and others},
  journal={arXiv preprint arXiv:2305.06161},
  year={2023}
}
@article{humaneval,
  title={Evaluating large language models trained on code},
  author={Chen, Mark and Tworek, Jerry and Jun, Heewoo and Yuan, Qiming and Pinto, Henrique Ponde de Oliveira and Kaplan, Jared and Edwards, Harri and Burda, Yuri and Joseph, Nicholas and Brockman, Greg and others},
  journal={arXiv preprint arXiv:2107.03374},
  year={2021}
}
@article{mbpp,
  title={Program synthesis with large language models},
  author={Austin, Jacob and Odena, Augustus and Nye, Maxwell and Bosma, Maarten and Michalewski, Henryk and Dohan, David and Jiang, Ellen and Cai, Carrie and Terry, Michael and Le, Quoc and others},
  journal={arXiv preprint arXiv:2108.07732},
  year={2021}
}
@inproceedings{evalplus,
  title = {Is Your Code Generated by Chat{GPT} Really Correct? Rigorous Evaluation of Large Language Models for Code Generation},
  author = {Liu, Jiawei and Xia, Chunqiu Steven and Wang, Yuyao and Zhang, Lingming},
  booktitle = {Thirty-seventh Conference on Neural Information Processing Systems},
  year = {2023},
  url = {https://openreview.net/forum?id=1qvx610Cu7},
}
@misc{codealpaca,
  author = {Sahil Chaudhary},
  title = {Code Alpaca: An Instruction-following LLaMA model for code generation},
  year = {2023},
  publisher = {GitHub},
  journal = {GitHub repository},
  howpublished = {\url{https://github.com/sahil280114/codealpaca}},
}
@misc{wizardmath,
      title={WizardMath: Empowering Mathematical Reasoning for Large Language Models via Reinforced Evol-Instruct}, 
      author={Haipeng Luo and Qingfeng Sun and Can Xu and Pu Zhao and Jianguang Lou and Chongyang Tao and Xiubo Geng and Qingwei Lin and Shifeng Chen and Dongmei Zhang},
      year={2023},
      eprint={2308.09583},
      archivePrefix={arXiv},
      primaryClass={cs.CL}
}
@misc{googlequantreasoning,
      title={Solving Quantitative Reasoning Problems with Language Models}, 
      author={Aitor Lewkowycz and Anders Andreassen and David Dohan and Ethan Dyer and Henryk Michalewski and Vinay Ramasesh and Ambrose Slone and Cem Anil and Imanol Schlag and Theo Gutman-Solo and Yuhuai Wu and Behnam Neyshabur and Guy Gur-Ari and Vedant Misra},
      year={2022},
      eprint={2206.14858},
      archivePrefix={arXiv},
      primaryClass={cs.CL}
}
@misc{mathtraining,
      title={Training Verifiers to Solve Math Word Problems},
      author={Karl Cobbe and Vineet Kosaraju and Mohammad Bavarian and Jacob Hilton and Reiichiro Nakano and Christopher Hesse and John Schulman},
      year={2021},
      eprint={2110.14168},
      archivePrefix={arXiv},
      primaryClass={cs.LG}
}
@misc{kaplanscaling,
      title={Scaling Laws for Neural Language Models}, 
      author={Jared Kaplan and Sam McCandlish and Tom Henighan and Tom B. Brown and Benjamin Chess and Rewon Child and Scott Gray and Alec Radford and Jeffrey Wu and Dario Amodei},
      year={2020},
      eprint={2001.08361},
      archivePrefix={arXiv},
      primaryClass={cs.LG}
}
@article{openmath,
  title={OpenMathInstruct-1: A 1.8 Million Math Instruction Tuning Dataset},
  author={Toshniwal, Shubham and Moshkov, Ivan and Narenthiran, Sean and Gitman, Daria and Jia, Fei and Gitman, Igor},
  journal={arXiv preprint arXiv:2402.10176},
  year={2024}
}